<?xml version="1.0" encoding="UTF-8"?><collection xmlns="http://www.loc.gov/MARC21/slim"><record><leader>00366nam--2200133-i-4500</leader><controlfield tag="001">000041652</controlfield><controlfield tag="002">20161230</controlfield><controlfield tag="005">20161230201043</controlfield><controlfield tag="008">060222s1000------------r-----000-0-eng-d</controlfield><datafield ind1=" " ind2=" " tag="080"><subfield code="a">550.3(091)(480)</subfield></datafield><datafield ind1=" " ind2=" " tag="100"><subfield code="a">Simojoki,Heikki</subfield></datafield><datafield ind1=" " ind2=" " tag="245"><subfield code="a">The history of geophysics in finland 1828-1918</subfield></datafield><datafield ind1=" " ind2=" " tag="260"><subfield code="a">Helsinki, Societas Scientiarum Fennica, 1978. 157 P</subfield></datafield><datafield ind1=" " ind2=" " tag="852"><subfield code="a">47425</subfield></datafield></record></collection>